<?xml version="1.0" encoding="UTF-8"?><collection xmlns="http://www.loc.gov/MARC21/slim"><record><leader>00482nam--2200193-u-4500</leader><controlfield tag="001">000055136</controlfield><controlfield tag="002">20161230</controlfield><controlfield tag="005">20161230201052</controlfield><controlfield tag="008">121106s1000------------r-----000-0-rus-d</controlfield><datafield ind1=" " ind2=" " tag="040"><subfield code="a">IFIN-HH</subfield></datafield><datafield ind1=" " ind2=" " tag="041"><subfield code="a">rus</subfield></datafield><datafield ind1=" " ind2=" " tag="080"><subfield code="a">538.911</subfield></datafield><datafield ind1="1" ind2=" " tag="100"><subfield code="a">Beliakov, V.A</subfield></datafield><datafield ind1="1" ind2="0" tag="245"><subfield code="a">Optika holestericeskih jidkih kristallov</subfield><subfield code="c">V.a. beliakov, a.s. sonin</subfield></datafield><datafield ind1=" " ind2=" " tag="260"><subfield code="a">Moskva</subfield><subfield code="b">Nauka</subfield><subfield code="c">1982</subfield></datafield><datafield ind1=" " ind2=" " tag="300"><subfield code="a">359P</subfield></datafield><datafield ind1="1" ind2=" " tag="700"><subfield code="a">Sonin, A.S</subfield></datafield><datafield ind1=" " ind2=" " tag="852"><subfield code="a">70807</subfield><subfield code="c">539.2</subfield></datafield><datafield ind1=" " ind2=" " tag="CAT"><subfield code="a">Sys</subfield><subfield code="c">20121106</subfield><subfield code="h">152149</subfield></datafield></record></collection>